%% This BibTeX bibliography file was created using BibDesk.
%% http://bibdesk.sourceforge.net/


%% Created for Eyal Dechter at 2014-10-28 16:04:49 -0400 


%% Saved with string encoding Unicode (UTF-8) 



@article{DBLP:journals/etai/Muggleton00,
	Author = {Stephen Muggleton},
	Bibsource = {dblp computer science bibliography, http://dblp.org},
	Biburl = {http://dblp.uni-trier.de/rec/bib/journals/etai/Muggleton00},
	Date-Added = {2014-10-21 05:29:06 +0000},
	Date-Modified = {2014-10-21 05:29:06 +0000},
	Journal = {Electron. Trans. Artif. Intell.},
	Number = {B},
	Pages = {141--153},
	Timestamp = {Tue, 21 Oct 2014 07:28:39 +0200},
	Title = {Learning Stochastic Logic Programs},
	Url = {http://www.ep.liu.se/ej/etai/2000/015/},
	Volume = {4},
	Year = {2000},
	Bdsk-Url-1 = {http://www.ep.liu.se/ej/etai/2000/015/}}

@proceedings{DBLP:conf/cl/2000,
	Bibsource = {dblp computer science bibliography, http://dblp.org},
	Biburl = {http://dblp.dagstuhl.de/rec/bib/conf/cl/2000},
	Date-Added = {2014-10-21 04:31:05 +0000},
	Date-Modified = {2014-10-21 04:31:05 +0000},
	Editor = {John W. Lloyd and Ver{\'{o}}nica Dahl and Ulrich Furbach and Manfred Kerber and Kung{-}Kiu Lau and Catuscia Palamidessi and Lu{\'{\i}}s Moniz Pereira and Yehoshua Sagiv and Peter J. Stuckey},
	Isbn = {3-540-67797-6},
	Publisher = {Springer},
	Series = {Lecture Notes in Computer Science},
	Timestamp = {Tue, 21 Oct 2014 06:30:58 +0200},
	Title = {Computational Logic - {CL} 2000, First International Conference, London, UK, 24-28 July, 2000, Proceedings},
	Volume = {1861},
	Year = {2000}}

@inproceedings{DBLP:conf/emnlp/PoonD09,
	Author = {Hoifung Poon and Pedro Domingos},
	Bibsource = {dblp computer science bibliography, http://dblp.org},
	Biburl = {http://dblp.dagstuhl.de/rec/bib/conf/emnlp/PoonD09},
	Booktitle = {Proceedings of the 2009 Conference on Empirical Methods in Natural Language Processing, {EMNLP} 2009, 6-7 August 2009, Singapore, {A} meeting of SIGDAT, a Special Interest Group of the {ACL}},
	Crossref = {DBLP:conf/emnlp/2009},
	Date-Added = {2014-10-21 04:19:56 +0000},
	Date-Modified = {2014-10-21 04:19:56 +0000},
	Pages = {1--10},
	Timestamp = {Tue, 21 Oct 2014 06:19:39 +0200},
	Title = {Unsupervised Semantic Parsing},
	Url = {http://www.aclweb.org/anthology/D09-1001},
	Year = {2009},
	Bdsk-Url-1 = {http://www.aclweb.org/anthology/D09-1001}}

@article{DBLP:journals/jair/SatoK01,
	Author = {Taisuke Sato and Yoshitaka Kameya},
	Bibsource = {dblp computer science bibliography, http://dblp.org},
	Biburl = {http://dblp.uni-trier.de/rec/bib/journals/jair/SatoK01},
	Date-Added = {2014-10-21 04:10:31 +0000},
	Date-Modified = {2014-10-21 04:10:31 +0000},
	Doi = {10.1613/jair.912},
	Journal = {J. Artif. Intell. Res. {(JAIR)}},
	Pages = {391--454},
	Timestamp = {Tue, 21 Oct 2014 06:09:22 +0200},
	Title = {Parameter Learning of Logic Programs for Symbolic-Statistical Modeling},
	Url = {http://dx.doi.org/10.1613/jair.912},
	Volume = {15},
	Year = {2001},
	Bdsk-Url-1 = {http://dx.doi.org/10.1613/jair.912}}

@article{DBLP:journals/corr/abs-1106-1797,
	Author = {Yoshitaka Kameya and Taisuke Sato},
	Bibsource = {dblp computer science bibliography, http://dblp.org},
	Biburl = {http://dblp.uni-trier.de/rec/bib/journals/corr/abs-1106-1797},
	Date-Added = {2014-10-21 04:10:09 +0000},
	Date-Modified = {2014-10-21 04:10:09 +0000},
	Journal = {CoRR},
	Timestamp = {Tue, 21 Oct 2014 06:08:54 +0200},
	Title = {Parameter Learning of Logic Programs for Symbolic-Statistical Modeling},
	Url = {http://arxiv.org/abs/1106.1797},
	Volume = {abs/1106.1797},
	Year = {2011},
	Bdsk-Url-1 = {http://arxiv.org/abs/1106.1797}}

@article{chi1998estimation,
	Author = {Chi, Zhiyi and Geman, Stuart},
	Date-Added = {2014-10-08 01:56:46 +0000},
	Date-Modified = {2014-10-08 01:56:46 +0000},
	Journal = {Computational linguistics},
	Number = {2},
	Pages = {299--305},
	Publisher = {MIT Press},
	Title = {Estimation of probabilistic context-free grammars},
	Volume = {24},
	Year = {1998},
	Bdsk-File-1 = {YnBsaXN0MDDUAQIDBAUGJCVYJHZlcnNpb25YJG9iamVjdHNZJGFyY2hpdmVyVCR0b3ASAAGGoKgHCBMUFRYaIVUkbnVsbNMJCgsMDxJXTlMua2V5c1pOUy5vYmplY3RzViRjbGFzc6INDoACgAOiEBGABIAFgAdccmVsYXRpdmVQYXRoWWFsaWFzRGF0YV8QMC4uLy4uLy4uLy4uLy4uL0dvb2dsZSBEcml2ZS9MaWJyYXJ5L0o5OC0yMDA1LnBkZtIXCxgZV05TLmRhdGFPEQGUAAAAAAGUAAIAAAxNYWNpbnRvc2ggSEQAAAAAAAAAAAAAAAAAAADMMNqySCsAAAAG/rEMSjk4LTIwMDUucGRmAAAAAAAAAAAAAAAAAAAAAAAAAAAAAAAAAAAAAAAAAAAAAAAAAAAAAAAAAAAAAAAAAAAAA0gO5dBaEggAAAAAAAAAAAAFAAMAAAkgAAAAAAAAAAAAAAAAAAAAB0xpYnJhcnkAABAACAAAzDES8gAAABEACAAA0FpKSAAAAAEAEAAG/rEAa9kbAAZjpAACDfkAAgBBTWFjaW50b3NoIEhEOlVzZXJzOgBlZGVjaHRlcjoAR29vZ2xlIERyaXZlOgBMaWJyYXJ5OgBKOTgtMjAwNS5wZGYAAA4AGgAMAEoAOQA4AC0AMgAwADAANQAuAHAAZABmAA8AGgAMAE0AYQBjAGkAbgB0AG8AcwBoACAASABEABIAMFVzZXJzL2VkZWNodGVyL0dvb2dsZSBEcml2ZS9MaWJyYXJ5L0o5OC0yMDA1LnBkZgATAAEvAAAVAAIAD///AACABtIbHB0eWiRjbGFzc25hbWVYJGNsYXNzZXNdTlNNdXRhYmxlRGF0YaMdHyBWTlNEYXRhWE5TT2JqZWN00hscIiNcTlNEaWN0aW9uYXJ5oiIgXxAPTlNLZXllZEFyY2hpdmVy0SYnVHJvb3SAAQAIABEAGgAjAC0AMgA3AEAARgBNAFUAYABnAGoAbABuAHEAcwB1AHcAhACOAMEAxgDOAmYCaAJtAngCgQKPApMCmgKjAqgCtQK4AsoCzQLSAAAAAAAAAgEAAAAAAAAAKAAAAAAAAAAAAAAAAAAAAtQ=}}

@article{boullier2003counting,
	Author = {Boullier, Pierre},
	Date-Added = {2014-10-08 00:43:15 +0000},
	Date-Modified = {2014-10-08 00:43:31 +0000},
	Journal = {Theoretical Computer Science},
	Keywords = {rcg, linguistics, theoretical computer science},
	Number = {2},
	Pages = {391--416},
	Publisher = {Elsevier},
	Title = {Counting with range concatenation grammars},
	Volume = {293},
	Year = {2003},
	Bdsk-File-1 = {YnBsaXN0MDDUAQIDBAUGJCVYJHZlcnNpb25YJG9iamVjdHNZJGFyY2hpdmVyVCR0b3ASAAGGoKgHCBMUFRYaIVUkbnVsbNMJCgsMDxJXTlMua2V5c1pOUy5vYmplY3RzViRjbGFzc6INDoACgAOiEBGABIAFgAdccmVsYXRpdmVQYXRoWWFsaWFzRGF0YV8QRS4uLy4uLy4uLy4uLy4uL0dvb2dsZSBEcml2ZS9MaWJyYXJ5LzEtczIuMC1TMDMwNDM5NzUwMTAwMzUzWC1tYWluLnBkZtIXCxgZV05TLmRhdGFPEQHmAAAAAAHmAAIAAAxNYWNpbnRvc2ggSEQAAAAAAAAAAAAAAAAAAADMMNqySCsAAAAG/rEfMS1zMi4wLVMwMzA0Mzk3NTAxMCMzNDdFOERGLnBkZgAAAAAAAAAAAAAAAAAAAAAAAAAAAAAAAAAAAAAAAAAAA0fo39BaASIAAAAAAAAAAAAFAAMAAAkgAAAAAAAAAAAAAAAAAAAAB0xpYnJhcnkAABAACAAAzDES8gAAABEACAAA0Fo5YgAAAAEAEAAG/rEAa9kbAAZjpAACDfkAAgBUTWFjaW50b3NoIEhEOlVzZXJzOgBlZGVjaHRlcjoAR29vZ2xlIERyaXZlOgBMaWJyYXJ5OgAxLXMyLjAtUzAzMDQzOTc1MDEwIzM0N0U4REYucGRmAA4ARAAhADEALQBzADIALgAwAC0AUwAwADMAMAA0ADMAOQA3ADUAMAAxADAAMAAzADUAMwBYAC0AbQBhAGkAbgAuAHAAZABmAA8AGgAMAE0AYQBjAGkAbgB0AG8AcwBoACAASABEABIARVVzZXJzL2VkZWNodGVyL0dvb2dsZSBEcml2ZS9MaWJyYXJ5LzEtczIuMC1TMDMwNDM5NzUwMTAwMzUzWC1tYWluLnBkZgAAEwABLwAAFQACAA///wAAgAbSGxwdHlokY2xhc3NuYW1lWCRjbGFzc2VzXU5TTXV0YWJsZURhdGGjHR8gVk5TRGF0YVhOU09iamVjdNIbHCIjXE5TRGljdGlvbmFyeaIiIF8QD05TS2V5ZWRBcmNoaXZlctEmJ1Ryb290gAEACAARABoAIwAtADIANwBAAEYATQBVAGAAZwBqAGwAbgBxAHMAdQB3AIQAjgDWANsA4wLNAs8C1ALfAugC9gL6AwEDCgMPAxwDHwMxAzQDOQAAAAAAAAIBAAAAAAAAACgAAAAAAAAAAAAAAAAAAAM7}}

@article{DBLP:journals/ftcgv/ZhuM06,
	Author = {Song Chun Zhu and David Mumford},
	Bibsource = {DBLP, http://dblp.uni-trier.de},
	Date-Added = {2014-10-07 18:21:19 +0000},
	Date-Modified = {2014-10-07 18:21:19 +0000},
	Ee = {http://dx.doi.org/10.1561/0600000018},
	Journal = {Foundations and Trends in Computer Graphics and Vision},
	Keywords = {image grammar, AND/OR, computer vision},
	Number = {4},
	Pages = {259-362},
	Title = {A Stochastic Grammar of Images},
	Volume = {2},
	Year = {2006},
	Bdsk-File-1 = {YnBsaXN0MDDUAQIDBAUGJCVYJHZlcnNpb25YJG9iamVjdHNZJGFyY2hpdmVyVCR0b3ASAAGGoKgHCBMUFRYaIVUkbnVsbNMJCgsMDxJXTlMua2V5c1pOUy5vYmplY3RzViRjbGFzc6INDoACgAOiEBGABIAFgAdccmVsYXRpdmVQYXRoWWFsaWFzRGF0YV8QSC4uLy4uLy4uLy4uLy4uL0dvb2dsZSBEcml2ZS9MaWJyYXJ5L211bWZvcmRTdG9jaGFzdGljR3JhbW1hck9mSW1hZ2VzLnBkZtIXCxgZV05TLmRhdGFPEQHuAAAAAAHuAAIAAAxNYWNpbnRvc2ggSEQAAAAAAAAAAAAAAAAAAADMMNqySCsAAAAG/rEfbXVtZm9yZFN0b2NoYXN0aWNHciMxRjc0QzJCLnBkZgAAAAAAAAAAAAAAAAAAAAAAAAAAAAAAAAAAAAAAAAAAAfdMK87SPLgAAAAAAAAAAAAFAAMAAAkgAAAAAAAAAAAAAAAAAAAAB0xpYnJhcnkAABAACAAAzDES8gAAABEACAAAztKDCAAAAAEAEAAG/rEAa9kbAAZjpAACDfkAAgBUTWFjaW50b3NoIEhEOlVzZXJzOgBlZGVjaHRlcjoAR29vZ2xlIERyaXZlOgBMaWJyYXJ5OgBtdW1mb3JkU3RvY2hhc3RpY0dyIzFGNzRDMkIucGRmAA4ASgAkAG0AdQBtAGYAbwByAGQAUwB0AG8AYwBoAGEAcwB0AGkAYwBHAHIAYQBtAG0AYQByAE8AZgBJAG0AYQBnAGUAcwAuAHAAZABmAA8AGgAMAE0AYQBjAGkAbgB0AG8AcwBoACAASABEABIASFVzZXJzL2VkZWNodGVyL0dvb2dsZSBEcml2ZS9MaWJyYXJ5L211bWZvcmRTdG9jaGFzdGljR3JhbW1hck9mSW1hZ2VzLnBkZgATAAEvAAAVAAIAD///AACABtIbHB0eWiRjbGFzc25hbWVYJGNsYXNzZXNdTlNNdXRhYmxlRGF0YaMdHyBWTlNEYXRhWE5TT2JqZWN00hscIiNcTlNEaWN0aW9uYXJ5oiIgXxAPTlNLZXllZEFyY2hpdmVy0SYnVHJvb3SAAQAIABEAGgAjAC0AMgA3AEAARgBNAFUAYABnAGoAbABuAHEAcwB1AHcAhACOANkA3gDmAtgC2gLfAuoC8wMBAwUDDAMVAxoDJwMqAzwDPwNEAAAAAAAAAgEAAAAAAAAAKAAAAAAAAAAAAAAAAAAAA0Y=}}

@inproceedings{van2011discontinuous,
	Author = {Van Cranenburgh, Andreas and Scha, Remko and Sangati, Federico},
	Booktitle = {Proceedings of the Second Workshop on Statistical Parsing of Morphologically Rich Languages},
	Date-Added = {2014-10-07 18:21:16 +0000},
	Date-Modified = {2014-10-07 18:21:16 +0000},
	Keywords = {context sensitive grammar, lcfrs},
	Organization = {Association for Computational Linguistics},
	Pages = {34--44},
	Title = {Discontinuous Data-Oriented Parsing: A mildly context-sensitive all-fragments grammar},
	Year = {2011},
	Bdsk-File-1 = {YnBsaXN0MDDUAQIDBAUGJCVYJHZlcnNpb25YJG9iamVjdHNZJGFyY2hpdmVyVCR0b3ASAAGGoKgHCBMUFRYaIVUkbnVsbNMJCgsMDxJXTlMua2V5c1pOUy5vYmplY3RzViRjbGFzc6INDoACgAOiEBGABIAFgAdccmVsYXRpdmVQYXRoWWFsaWFzRGF0YV8QJi4uLy4uLy4uLy4uLy4uL0dvb2dsZSBEcml2ZS9XMTEtMzgucGRm0hcLGBlXTlMuZGF0YU8RAXoAAAAAAXoAAgAADE1hY2ludG9zaCBIRAAAAAAAAAAAAAAAAAAAAMww2rJIKwAAAGvZGwpXMTEtMzgucGRmAAAAAAAAAAAAAAAAAAAAAAAAAAAAAAAAAAAAAAAAAAAAAAAAAAAAAAAAAAAAAAAAAAAAAAADPE6e0E72RwAAAAAAAAAAAAUAAgAACSAAAAAAAAAAAAAAAAAAAAAMR29vZ2xlIERyaXZlABAACAAAzDES8gAAABEACAAA0E8uhwAAAAEADABr2RsABmOkAAIN+QACADZNYWNpbnRvc2ggSEQ6VXNlcnM6AGVkZWNodGVyOgBHb29nbGUgRHJpdmU6AFcxMS0zOC5wZGYADgAWAAoAVwAxADEALQAzADgALgBwAGQAZgAPABoADABNAGEAYwBpAG4AdABvAHMAaAAgAEgARAASACZVc2Vycy9lZGVjaHRlci9Hb29nbGUgRHJpdmUvVzExLTM4LnBkZgATAAEvAAAVAAIAD///AACABtIbHB0eWiRjbGFzc25hbWVYJGNsYXNzZXNdTlNNdXRhYmxlRGF0YaMdHyBWTlNEYXRhWE5TT2JqZWN00hscIiNcTlNEaWN0aW9uYXJ5oiIgXxAPTlNLZXllZEFyY2hpdmVy0SYnVHJvb3SAAQAIABEAGgAjAC0AMgA3AEAARgBNAFUAYABnAGoAbABuAHEAcwB1AHcAhACOALcAvADEAkICRAJJAlQCXQJrAm8CdgJ/AoQCkQKUAqYCqQKuAAAAAAAAAgEAAAAAAAAAKAAAAAAAAAAAAAAAAAAAArA=}}

@incollection{stolcke1994inducing,
	Author = {Stolcke, Andreas and Omohundro, Stephen},
	Booktitle = {Grammatical inference and applications},
	Date-Added = {2014-10-07 18:21:12 +0000},
	Date-Modified = {2014-10-07 18:21:12 +0000},
	Keywords = {bayesian model merging, grammar induction, mdl},
	Pages = {106--118},
	Publisher = {Springer},
	Title = {Inducing probabilistic grammars by Bayesian model merging},
	Year = {1994},
	Bdsk-File-1 = {YnBsaXN0MDDUAQIDBAUGJCVYJHZlcnNpb25YJG9iamVjdHNZJGFyY2hpdmVyVCR0b3ASAAGGoKgHCBMUFRYaIVUkbnVsbNMJCgsMDxJXTlMua2V5c1pOUy5vYmplY3RzViRjbGFzc6INDoACgAOiEBGABIAFgAdccmVsYXRpdmVQYXRoWWFsaWFzRGF0YV8QQi4uLy4uLy4uLy4uLy4uL0dvb2dsZSBEcml2ZS9MaWJyYXJ5L3N0b2xrZUJheWVzaWFuTW9kZWxNZXJnaW5nLnBkZtIXCxgZV05TLmRhdGFPEQHcAAAAAAHcAAIAAAxNYWNpbnRvc2ggSEQAAAAAAAAAAAAAAAAAAADMMNqySCsAAAAG/rEec3RvbGtlQmF5ZXNpYW5Nb2RlbE1lcmdpbmcucGRmAAAAAAAAAAAAAAAAAAAAAAAAAAAAAAAAAAAAAAAAAAAAAmg8788/hK8AAAAAAAAAAAAFAAMAAAkgAAAAAAAAAAAAAAAAAAAAB0xpYnJhcnkAABAACAAAzDES8gAAABEACAAAzz/K/wAAAAEAEAAG/rEAa9kbAAZjpAACDfkAAgBTTWFjaW50b3NoIEhEOlVzZXJzOgBlZGVjaHRlcjoAR29vZ2xlIERyaXZlOgBMaWJyYXJ5OgBzdG9sa2VCYXllc2lhbk1vZGVsTWVyZ2luZy5wZGYAAA4APgAeAHMAdABvAGwAawBlAEIAYQB5AGUAcwBpAGEAbgBNAG8AZABlAGwATQBlAHIAZwBpAG4AZwAuAHAAZABmAA8AGgAMAE0AYQBjAGkAbgB0AG8AcwBoACAASABEABIAQlVzZXJzL2VkZWNodGVyL0dvb2dsZSBEcml2ZS9MaWJyYXJ5L3N0b2xrZUJheWVzaWFuTW9kZWxNZXJnaW5nLnBkZgATAAEvAAAVAAIAD///AACABtIbHB0eWiRjbGFzc25hbWVYJGNsYXNzZXNdTlNNdXRhYmxlRGF0YaMdHyBWTlNEYXRhWE5TT2JqZWN00hscIiNcTlNEaWN0aW9uYXJ5oiIgXxAPTlNLZXllZEFyY2hpdmVy0SYnVHJvb3SAAQAIABEAGgAjAC0AMgA3AEAARgBNAFUAYABnAGoAbABuAHEAcwB1AHcAhACOANMA2ADgAsACwgLHAtIC2wLpAu0C9AL9AwIDDwMSAyQDJwMsAAAAAAAAAgEAAAAAAAAAKAAAAAAAAAAAAAAAAAAAAy4=}}

@article{DBLP:journals/corr/cmp-lg-9611002,
	Author = {Carl de Marcken},
	Bibsource = {DBLP, http://dblp.uni-trier.de},
	Date-Added = {2014-10-07 18:21:04 +0000},
	Date-Modified = {2014-10-07 18:21:04 +0000},
	Ee = {http://arxiv.org/abs/cmp-lg/9611002},
	Journal = {CoRR},
	Keywords = {grammar induction, language acquisition},
	Title = {Unsupervised Language Acquisition},
	Year = {1996},
	Bdsk-File-1 = {YnBsaXN0MDDUAQIDBAUGJCVYJHZlcnNpb25YJG9iamVjdHNZJGFyY2hpdmVyVCR0b3ASAAGGoKgHCBMUFRYaIVUkbnVsbNMJCgsMDxJXTlMua2V5c1pOUy5vYmplY3RzViRjbGFzc6INDoACgAOiEBGABIAFgAdccmVsYXRpdmVQYXRoWWFsaWFzRGF0YV8QNy4uLy4uLy4uLy4uLy4uL0dvb2dsZSBEcml2ZS9MaWJyYXJ5L2RlbWFyY2tlblRoZXNpcy5wZGbSFwsYGVdOUy5kYXRhTxEBsAAAAAABsAACAAAMTWFjaW50b3NoIEhEAAAAAAAAAAAAAAAAAAAAzDDaskgrAAAABv6xE2RlbWFyY2tlblRoZXNpcy5wZGYAAAAAAAAAAAAAAAAAAAAAAAAAAAAAAAAAAAAAAAAAAAAAAAAAAAAAAAAAAAKD6DfPYeM4AAAAAAAAAAAABQADAAAJIAAAAAAAAAAAAAAAAAAAAAdMaWJyYXJ5AAAQAAgAAMwxEvIAAAARAAgAAM9iG3gAAAABABAABv6xAGvZGwAGY6QAAg35AAIASE1hY2ludG9zaCBIRDpVc2VyczoAZWRlY2h0ZXI6AEdvb2dsZSBEcml2ZToATGlicmFyeToAZGVtYXJja2VuVGhlc2lzLnBkZgAOACgAEwBkAGUAbQBhAHIAYwBrAGUAbgBUAGgAZQBzAGkAcwAuAHAAZABmAA8AGgAMAE0AYQBjAGkAbgB0AG8AcwBoACAASABEABIAN1VzZXJzL2VkZWNodGVyL0dvb2dsZSBEcml2ZS9MaWJyYXJ5L2RlbWFyY2tlblRoZXNpcy5wZGYAABMAAS8AABUAAgAP//8AAIAG0hscHR5aJGNsYXNzbmFtZVgkY2xhc3Nlc11OU011dGFibGVEYXRhox0fIFZOU0RhdGFYTlNPYmplY3TSGxwiI1xOU0RpY3Rpb25hcnmiIiBfEA9OU0tleWVkQXJjaGl2ZXLRJidUcm9vdIABAAgAEQAaACMALQAyADcAQABGAE0AVQBgAGcAagBsAG4AcQBzAHUAdwCEAI4AyADNANUCiQKLApACmwKkArICtgK9AsYCywLYAtsC7QLwAvUAAAAAAAACAQAAAAAAAAAoAAAAAAAAAAAAAAAAAAAC9w==}}

@inproceedings{DBLP:conf/emnlp/LiangPJK07,
	Author = {Percy Liang and Slav Petrov and Michael I. Jordan and Dan Klein},
	Bibsource = {DBLP, http://dblp.uni-trier.de},
	Booktitle = {EMNLP-CoNLL},
	Date-Added = {2014-10-07 18:21:01 +0000},
	Date-Modified = {2014-10-07 18:21:01 +0000},
	Ee = {http://www.aclweb.org/anthology/D07-1072},
	Keywords = {bayesian nonparametrics, grammar learning},
	Pages = {688-697},
	Title = {The Infinite PCFG Using Hierarchical Dirichlet Processes},
	Year = {2007},
	Bdsk-File-1 = {YnBsaXN0MDDUAQIDBAUGJCVYJHZlcnNpb25YJG9iamVjdHNZJGFyY2hpdmVyVCR0b3ASAAGGoKgHCBMUFRYaIVUkbnVsbNMJCgsMDxJXTlMua2V5c1pOUy5vYmplY3RzViRjbGFzc6INDoACgAOiEBGABIAFgAdccmVsYXRpdmVQYXRoWWFsaWFzRGF0YV8QLS4uLy4uLy4uLy4uLy4uL0dvb2dsZSBEcml2ZS9MaWJyYXJ5L2lwY2ZnLnBkZtIXCxgZV05TLmRhdGFPEQGIAAAAAAGIAAIAAAxNYWNpbnRvc2ggSEQAAAAAAAAAAAAAAAAAAADMMNqySCsAAAAG/rEJaXBjZmcucGRmAAAAAAAAAAAAAAAAAAAAAAAAAAAAAAAAAAAAAAAAAAAAAAAAAAAAAAAAAAAAAAAAAAAAAAAAAfbi9M7Rzh0AAAAAAAAAAAAFAAMAAAkgAAAAAAAAAAAAAAAAAAAAB0xpYnJhcnkAABAACAAAzDES8gAAABEACAAAztIUbQAAAAEAEAAG/rEAa9kbAAZjpAACDfkAAgA+TWFjaW50b3NoIEhEOlVzZXJzOgBlZGVjaHRlcjoAR29vZ2xlIERyaXZlOgBMaWJyYXJ5OgBpcGNmZy5wZGYADgAUAAkAaQBwAGMAZgBnAC4AcABkAGYADwAaAAwATQBhAGMAaQBuAHQAbwBzAGgAIABIAEQAEgAtVXNlcnMvZWRlY2h0ZXIvR29vZ2xlIERyaXZlL0xpYnJhcnkvaXBjZmcucGRmAAATAAEvAAAVAAIAD///AACABtIbHB0eWiRjbGFzc25hbWVYJGNsYXNzZXNdTlNNdXRhYmxlRGF0YaMdHyBWTlNEYXRhWE5TT2JqZWN00hscIiNcTlNEaWN0aW9uYXJ5oiIgXxAPTlNLZXllZEFyY2hpdmVy0SYnVHJvb3SAAQAIABEAGgAjAC0AMgA3AEAARgBNAFUAYABnAGoAbABuAHEAcwB1AHcAhACOAL4AwwDLAlcCWQJeAmkCcgKAAoQCiwKUApkCpgKpArsCvgLDAAAAAAAAAgEAAAAAAAAAKAAAAAAAAAAAAAAAAAAAAsU=}}

@incollection{langley2000learning,
	Author = {Langley, Pat and Stromsten, Sean},
	Booktitle = {Machine Learning: ECML 2000},
	Date-Added = {2014-10-07 18:20:57 +0000},
	Date-Modified = {2014-10-07 18:20:57 +0000},
	Keywords = {grammar learning},
	Pages = {220--228},
	Publisher = {Springer},
	Title = {Learning context-free grammars with a simplicity bias},
	Year = {2000},
	Bdsk-File-1 = {YnBsaXN0MDDUAQIDBAUGJCVYJHZlcnNpb25YJG9iamVjdHNZJGFyY2hpdmVyVCR0b3ASAAGGoKgHCBMUFRYaIVUkbnVsbNMJCgsMDxJXTlMua2V5c1pOUy5vYmplY3RzViRjbGFzc6INDoACgAOiEBGABIAFgAdccmVsYXRpdmVQYXRoWWFsaWFzRGF0YV8QNC4uLy4uLy4uLy4uLy4uL0dvb2dsZSBEcml2ZS9MaWJyYXJ5L2dyaWRzLmVjbWwyay5wZGbSFwsYGVdOUy5kYXRhTxEBpAAAAAABpAACAAAMTWFjaW50b3NoIEhEAAAAAAAAAAAAAAAAAAAAzDDaskgrAAAABv6xEGdyaWRzLmVjbWwyay5wZGYAAAAAAAAAAAAAAAAAAAAAAAAAAAAAAAAAAAAAAAAAAAAAAAAAAAAAAAAAAAAAAAJmfbLPO8AbAAAAAAAAAAAABQADAAAJIAAAAAAAAAAAAAAAAAAAAAdMaWJyYXJ5AAAQAAgAAMwxEvIAAAARAAgAAM88BmsAAAABABAABv6xAGvZGwAGY6QAAg35AAIARU1hY2ludG9zaCBIRDpVc2VyczoAZWRlY2h0ZXI6AEdvb2dsZSBEcml2ZToATGlicmFyeToAZ3JpZHMuZWNtbDJrLnBkZgAADgAiABAAZwByAGkAZABzAC4AZQBjAG0AbAAyAGsALgBwAGQAZgAPABoADABNAGEAYwBpAG4AdABvAHMAaAAgAEgARAASADRVc2Vycy9lZGVjaHRlci9Hb29nbGUgRHJpdmUvTGlicmFyeS9ncmlkcy5lY21sMmsucGRmABMAAS8AABUAAgAP//8AAIAG0hscHR5aJGNsYXNzbmFtZVgkY2xhc3Nlc11OU011dGFibGVEYXRhox0fIFZOU0RhdGFYTlNPYmplY3TSGxwiI1xOU0RpY3Rpb25hcnmiIiBfEA9OU0tleWVkQXJjaGl2ZXLRJidUcm9vdIABAAgAEQAaACMALQAyADcAQABGAE0AVQBgAGcAagBsAG4AcQBzAHUAdwCEAI4AxQDKANICegJ8AoECjAKVAqMCpwKuArcCvALJAswC3gLhAuYAAAAAAAACAQAAAAAAAAAoAAAAAAAAAAAAAAAAAAAC6A==}}

@article{DBLP:journals/coling/KallmeyerM13,
	Author = {Laura Kallmeyer and Wolfgang Maier},
	Bibsource = {dblp computer science bibliography, http://dblp.org},
	Biburl = {http://dblp.uni-trier.de/rec/bib/journals/coling/KallmeyerM13},
	Date-Added = {2014-10-07 18:20:53 +0000},
	Date-Modified = {2014-10-07 18:20:53 +0000},
	Doi = {10.1162/COLI_a_00136},
	Journal = {Computational Linguistics},
	Keywords = {context sensitive grammar},
	Number = {1},
	Pages = {87--119},
	Timestamp = {Mon, 29 Sep 2014 17:39:04 +0200},
	Title = {Data-Driven Parsing using Probabilistic Linear Context-Free Rewriting Systems},
	Url = {http://dx.doi.org/10.1162/COLI_a_00136},
	Volume = {39},
	Year = {2013},
	Bdsk-File-1 = {YnBsaXN0MDDUAQIDBAUGJCVYJHZlcnNpb25YJG9iamVjdHNZJGFyY2hpdmVyVCR0b3ASAAGGoKgHCBMUFRYaIVUkbnVsbNMJCgsMDxJXTlMua2V5c1pOUy5vYmplY3RzViRjbGFzc6INDoACgAOiEBGABIAFgAdccmVsYXRpdmVQYXRoWWFsaWFzRGF0YV8QKC4uLy4uLy4uLy4uLy4uL0dvb2dsZSBEcml2ZS9DMTAtMTA2MS5wZGbSFwsYGVdOUy5kYXRhTxEBggAAAAABggACAAAMTWFjaW50b3NoIEhEAAAAAAAAAAAAAAAAAAAAzDDaskgrAAAAa9kbDEMxMC0xMDYxLnBkZgAAAAAAAAAAAAAAAAAAAAAAAAAAAAAAAAAAAAAAAAAAAAAAAAAAAAAAAAAAAAAAAAAAAAM8PkfQTvRtAAAAAAAAAAAABQACAAAJIAAAAAAAAAAAAAAAAAAAAAxHb29nbGUgRHJpdmUAEAAIAADMMRLyAAAAEQAIAADQTyytAAAAAQAMAGvZGwAGY6QAAg35AAIAOE1hY2ludG9zaCBIRDpVc2VyczoAZWRlY2h0ZXI6AEdvb2dsZSBEcml2ZToAQzEwLTEwNjEucGRmAA4AGgAMAEMAMQAwAC0AMQAwADYAMQAuAHAAZABmAA8AGgAMAE0AYQBjAGkAbgB0AG8AcwBoACAASABEABIAKFVzZXJzL2VkZWNodGVyL0dvb2dsZSBEcml2ZS9DMTAtMTA2MS5wZGYAEwABLwAAFQACAA///wAAgAbSGxwdHlokY2xhc3NuYW1lWCRjbGFzc2VzXU5TTXV0YWJsZURhdGGjHR8gVk5TRGF0YVhOU09iamVjdNIbHCIjXE5TRGljdGlvbmFyeaIiIF8QD05TS2V5ZWRBcmNoaXZlctEmJ1Ryb290gAEACAARABoAIwAtADIANwBAAEYATQBVAGAAZwBqAGwAbgBxAHMAdQB3AIQAjgC5AL4AxgJMAk4CUwJeAmcCdQJ5AoACiQKOApsCngKwArMCuAAAAAAAAAIBAAAAAAAAACgAAAAAAAAAAAAAAAAAAAK6}}

@incollection{grunwald1996minimum,
	Author = {Gr{\"u}nwald, Peter},
	Booktitle = {Connectionist, statistical and symbolic approaches to learning for natural language processing},
	Date-Added = {2014-10-07 18:20:48 +0000},
	Date-Modified = {2014-10-07 18:20:48 +0000},
	Keywords = {grammar learning},
	Pages = {203--216},
	Publisher = {Springer},
	Title = {A minimum description length approach to grammar inference},
	Year = {1996},
	Bdsk-File-1 = {YnBsaXN0MDDUAQIDBAUGJCVYJHZlcnNpb25YJG9iamVjdHNZJGFyY2hpdmVyVCR0b3ASAAGGoKgHCBMUFRYaIVUkbnVsbNMJCgsMDxJXTlMua2V5c1pOUy5vYmplY3RzViRjbGFzc6INDoACgAOiEBGABIAFgAdccmVsYXRpdmVQYXRoWWFsaWFzRGF0YV8QNC4uLy4uLy4uLy4uLy4uL0dvb2dsZSBEcml2ZS9MaWJyYXJ5L2dydW53YWxkMTk5Ni5wZGbSFwsYGVdOUy5kYXRhTxEBpAAAAAABpAACAAAMTWFjaW50b3NoIEhEAAAAAAAAAAAAAAAAAAAAzDDaskgrAAAABv6xEGdydW53YWxkMTk5Ni5wZGYAAAAAAAAAAAAAAAAAAAAAAAAAAAAAAAAAAAAAAAAAAAAAAAAAAAAAAAAAAAAAAAJmfoPPO8BxAAAAAAAAAAAABQADAAAJIAAAAAAAAAAAAAAAAAAAAAdMaWJyYXJ5AAAQAAgAAMwxEvIAAAARAAgAAM88BsEAAAABABAABv6xAGvZGwAGY6QAAg35AAIARU1hY2ludG9zaCBIRDpVc2VyczoAZWRlY2h0ZXI6AEdvb2dsZSBEcml2ZToATGlicmFyeToAZ3J1bndhbGQxOTk2LnBkZgAADgAiABAAZwByAHUAbgB3AGEAbABkADEAOQA5ADYALgBwAGQAZgAPABoADABNAGEAYwBpAG4AdABvAHMAaAAgAEgARAASADRVc2Vycy9lZGVjaHRlci9Hb29nbGUgRHJpdmUvTGlicmFyeS9ncnVud2FsZDE5OTYucGRmABMAAS8AABUAAgAP//8AAIAG0hscHR5aJGNsYXNzbmFtZVgkY2xhc3Nlc11OU011dGFibGVEYXRhox0fIFZOU0RhdGFYTlNPYmplY3TSGxwiI1xOU0RpY3Rpb25hcnmiIiBfEA9OU0tleWVkQXJjaGl2ZXLRJidUcm9vdIABAAgAEQAaACMALQAyADcAQABGAE0AVQBgAGcAagBsAG4AcQBzAHUAdwCEAI4AxQDKANICegJ8AoECjAKVAqMCpwKuArcCvALJAswC3gLhAuYAAAAAAAACAQAAAAAAAAAoAAAAAAAAAAAAAAAAAAAC6A==}}

@inproceedings{DBLP:conf/eacl/Cranenburgh12,
	Author = {Andreas van Cranenburgh},
	Bibsource = {dblp computer science bibliography, http://dblp.org},
	Biburl = {http://dblp.uni-trier.de/rec/bib/conf/eacl/Cranenburgh12},
	Booktitle = {{EACL} 2012, 13th Conference of the European Chapter of the Association for Computational Linguistics, Avignon, France, April 23-27, 2012},
	Date-Added = {2014-10-07 18:20:39 +0000},
	Date-Modified = {2014-10-07 18:20:39 +0000},
	Keywords = {context sensitive grammar, lcfrs},
	Pages = {460--470},
	Timestamp = {Mon, 29 Sep 2014 17:40:23 +0200},
	Title = {Efficient parsing with Linear Context-Free Rewriting Systems},
	Url = {http://aclweb.org/anthology-new/E/E12/E12-1047.pdf},
	Year = {2012},
	Bdsk-File-1 = {YnBsaXN0MDDUAQIDBAUGJCVYJHZlcnNpb25YJG9iamVjdHNZJGFyY2hpdmVyVCR0b3ASAAGGoKgHCBMUFRYaIVUkbnVsbNMJCgsMDxJXTlMua2V5c1pOUy5vYmplY3RzViRjbGFzc6INDoACgAOiEBGABIAFgAdccmVsYXRpdmVQYXRoWWFsaWFzRGF0YV8QKC4uLy4uLy4uLy4uLy4uL0dvb2dsZSBEcml2ZS9FMTItMTA0Ny5wZGbSFwsYGVdOUy5kYXRhTxEBggAAAAABggACAAAMTWFjaW50b3NoIEhEAAAAAAAAAAAAAAAAAAAAzDDaskgrAAAAa9kbDEUxMi0xMDQ3LnBkZgAAAAAAAAAAAAAAAAAAAAAAAAAAAAAAAAAAAAAAAAAAAAAAAAAAAAAAAAAAAAAAAAAAAAM8QdvQTvW8AAAAAAAAAAAABQACAAAJIAAAAAAAAAAAAAAAAAAAAAxHb29nbGUgRHJpdmUAEAAIAADMMRLyAAAAEQAIAADQTy38AAAAAQAMAGvZGwAGY6QAAg35AAIAOE1hY2ludG9zaCBIRDpVc2VyczoAZWRlY2h0ZXI6AEdvb2dsZSBEcml2ZToARTEyLTEwNDcucGRmAA4AGgAMAEUAMQAyAC0AMQAwADQANwAuAHAAZABmAA8AGgAMAE0AYQBjAGkAbgB0AG8AcwBoACAASABEABIAKFVzZXJzL2VkZWNodGVyL0dvb2dsZSBEcml2ZS9FMTItMTA0Ny5wZGYAEwABLwAAFQACAA///wAAgAbSGxwdHlokY2xhc3NuYW1lWCRjbGFzc2VzXU5TTXV0YWJsZURhdGGjHR8gVk5TRGF0YVhOU09iamVjdNIbHCIjXE5TRGljdGlvbmFyeaIiIF8QD05TS2V5ZWRBcmNoaXZlctEmJ1Ryb290gAEACAARABoAIwAtADIANwBAAEYATQBVAGAAZwBqAGwAbgBxAHMAdQB3AIQAjgC5AL4AxgJMAk4CUwJeAmcCdQJ5AoACiQKOApsCngKwArMCuAAAAAAAAAIBAAAAAAAAACgAAAAAAAAAAAAAAAAAAAK6}}

@incollection{boullier2005range,
	Author = {Boullier, Pierre},
	Booktitle = {New developments in parsing technology},
	Date-Added = {2014-10-07 18:19:38 +0000},
	Date-Modified = {2014-10-07 18:19:38 +0000},
	Keywords = {rcg, linguistics},
	Pages = {269--289},
	Publisher = {Springer},
	Title = {Range concatenation grammars},
	Year = {2005}}

@inproceedings{goldwater2006contextual,
	Author = {Goldwater, Sharon and Griffiths, Thomas L and Johnson, Mark},
	Booktitle = {Proceedings of the 21st International Conference on Computational Linguistics and the 44th annual meeting of the Association for Computational Linguistics},
	Organization = {Association for Computational Linguistics},
	Pages = {673--680},
	Title = {Contextual dependencies in unsupervised word segmentation},
	Year = {2006}}

@inproceedings{berant2013semantic,
	Author = {Berant, Jonathan and Chou, Andrew and Frostig, Roy and Liang, Percy},
	Booktitle = {EMNLP},
	Pages = {1533--1544},
	Title = {Semantic Parsing on Freebase from Question-Answer Pairs.},
	Year = {2013}}

@inproceedings{kwiatkowski2010inducing,
	Author = {Kwiatkowski, Tom and Zettlemoyer, Luke and Goldwater, Sharon and Steedman, Mark},
	Booktitle = {Proceedings of the 2010 conference on empirical methods in natural language processing},
	Organization = {Association for Computational Linguistics},
	Pages = {1223--1233},
	Title = {Inducing probabilistic CCG grammars from logical form with higher-order unification},
	Year = {2010}}

@article{liang2013learning,
	Author = {Liang, Percy and Jordan, Michael I and Klein, Dan},
	Journal = {Computational Linguistics},
	Number = {2},
	Pages = {389--446},
	Publisher = {MIT Press},
	Title = {Learning dependency-based compositional semantics},
	Volume = {39},
	Year = {2013}}

@inproceedings{dechter2013bootstrap,
	Author = {Dechter, Eyal and Malmaud, Jon and Adams, Ryan P and Tenenbaum, Joshua B},
	Booktitle = {Proceedings of the Twenty-Third international joint conference on Artificial Intelligence},
	Organization = {AAAI Press},
	Pages = {1302--1309},
	Title = {Bootstrap learning via modular concept discovery},
	Year = {2013}}

@article{cussens2001parameter,
	Author = {Cussens, James},
	Journal = {Machine Learning},
	Number = {3},
	Pages = {245--271},
	Publisher = {Springer},
	Title = {Parameter estimation in stochastic logic programs},
	Volume = {44},
	Year = {2001}}

@inproceedings{johnson2006adaptor,
	Author = {Johnson, Mark and Griffiths, Thomas L and Goldwater, Sharon},
	Booktitle = {Advances in neural information processing systems},
	Pages = {641--648},
	Title = {Adaptor grammars: A framework for specifying compositional nonparametric Bayesian models},
	Year = {2006}}

@inproceedings{lake2012concept,
	Author = {Lake, Brenden M and Salakhutdinov, Ruslan and Tenenbaum, Joshua B},
	Booktitle = {Proceedings of the 34th Annual Conference of the Cognitive Science Society},
	Pages = {659--664},
	Title = {Concept learning as motor program induction: A large-scale empirical study},
	Year = {2012}}

@inproceedings{stuhlmuller2010learning,
	Author = {Stuhlm{\"u}ller, Andreas and Tenenbaum, Joshua B and Goodman, Noah D},
	Booktitle = {Proceedings of the Thirty-Second Annual Conference of the Cognitive Science Society},
	Title = {Learning Structured Generative Concepts},
	Year = {2010}}

@article{shannon1951prediction,
	Author = {Shannon, Claude E},
	Journal = {Bell system technical journal},
	Number = {1},
	Pages = {50--64},
	Publisher = {Wiley Online Library},
	Title = {Prediction and entropy of printed English},
	Volume = {30},
	Year = {1951}}

@article{lari1990estimation,
	Author = {Lari, Karim and Young, Steve J},
	Journal = {Computer speech \& language},
	Number = {1},
	Pages = {35--56},
	Publisher = {Elsevier},
	Title = {The estimation of stochastic context-free grammars using the inside-outside algorithm},
	Volume = {4},
	Year = {1990}}

@inproceedings{charniak1996tree,
	Author = {Charniak, Eugene},
	Booktitle = {Proceedings of the National Conference on Artificial Intelligence},
	Pages = {1031--1036},
	Title = {Tree-bank grammars},
	Year = {1996}}

@article{sato2008variational,
	Author = {Sato, Taisuke and Kameya, Yoshitaka and Kurihara, Kenichi},
	Journal = {Annals of Mathematics and Artificial Intelligence},
	Number = {1-3},
	Pages = {135--158},
	Publisher = {Springer},
	Title = {Variational Bayes via propositionalized probability computation in PRISM},
	Volume = {54},
	Year = {2008},
	Bdsk-File-1 = {YnBsaXN0MDDUAQIDBAUGJCVYJHZlcnNpb25YJG9iamVjdHNZJGFyY2hpdmVyVCR0b3ASAAGGoKgHCBMUFRYaIVUkbnVsbNMJCgsMDxJXTlMua2V5c1pOUy5vYmplY3RzViRjbGFzc6INDoACgAOiEBGABIAFgAdccmVsYXRpdmVQYXRoWWFsaWFzRGF0YV8QSS4uLy4uLy4uLy4uLy4uL0dvb2dsZSBEcml2ZS9MaWJyYXJ5L2FydCUzQTEwLjEwMDclMkZzMTA0NzItMDA5LTkxMzUtOC5wZGbSFwsYGVdOUy5kYXRhTxEB8gAAAAAB8gACAAAMTWFjaW50b3NoIEhEAAAAAAAAAAAAAAAAAAAAzDDaskgrAAAABv6xH2FydCUzQTEwLjEwMDclMkZzMTAjMzVDNTZEMC5wZGYAAAAAAAAAAAAAAAAAAAAAAAAAAAAAAAAAAAAAAAAAAANcVtDQdW8ZAAAAAAAAAAAABQADAAAJIAAAAAAAAAAAAAAAAAAAAAdMaWJyYXJ5AAAQAAgAAMwxEvIAAAARAAgAANB1p1kAAAABABAABv6xAGvZGwAGY6QAAg35AAIAVE1hY2ludG9zaCBIRDpVc2VyczoAZWRlY2h0ZXI6AEdvb2dsZSBEcml2ZToATGlicmFyeToAYXJ0JTNBMTAuMTAwNyUyRnMxMCMzNUM1NkQwLnBkZgAOAEwAJQBhAHIAdAAlADMAQQAxADAALgAxADAAMAA3ACUAMgBGAHMAMQAwADQANwAyAC0AMAAwADkALQA5ADEAMwA1AC0AOAAuAHAAZABmAA8AGgAMAE0AYQBjAGkAbgB0AG8AcwBoACAASABEABIASVVzZXJzL2VkZWNodGVyL0dvb2dsZSBEcml2ZS9MaWJyYXJ5L2FydCUzQTEwLjEwMDclMkZzMTA0NzItMDA5LTkxMzUtOC5wZGYAABMAAS8AABUAAgAP//8AAIAG0hscHR5aJGNsYXNzbmFtZVgkY2xhc3Nlc11OU011dGFibGVEYXRhox0fIFZOU0RhdGFYTlNPYmplY3TSGxwiI1xOU0RpY3Rpb25hcnmiIiBfEA9OU0tleWVkQXJjaGl2ZXLRJidUcm9vdIABAAgAEQAaACMALQAyADcAQABGAE0AVQBgAGcAagBsAG4AcQBzAHUAdwCEAI4A2gDfAOcC3QLfAuQC7wL4AwYDCgMRAxoDHwMsAy8DQQNEA0kAAAAAAAACAQAAAAAAAAAoAAAAAAAAAAAAAAAAAAADSw==}}

@article{macwhinney2000childes,
	Author = {MacWhinney, Brian},
	Journal = {Computational Linguistics},
	Number = {4},
	Pages = {657--657},
	Publisher = {MIT Press},
	Title = {The CHILDES project: Tools for analyzing talk},
	Volume = {26},
	Year = {2000}}

@inproceedings{poon2009unsupervised,
	Author = {Poon, Hoifung and Domingos, Pedro},
	Booktitle = {Proceedings of the 2009 Conference on Empirical Methods in Natural Language Processing: Volume 1-Volume 1},
	Organization = {Association for Computational Linguistics},
	Pages = {1--10},
	Title = {Unsupervised semantic parsing},
	Year = {2009}}
